@online{versa_sdwan,
  title = {{SD-WAN} de {Versa Networks}},
  author = {{Versa Networks Inc}},
  year = {2025},
  howpublished = {\url{https://versa-networks.com/es/sd-wan/}},
  note = {Página oficial de Versa Networks sobre SD-WAN. Accedido: 26 de marzo de 2025}
}

@misc{voipstudio_que_es_voip,
  title = {¿{Qué} es {VoIP}? {La} guía completa},
  author = {{VoIP Studio}},
  year = {2025},
  howpublished = {\url{https://voipstudio.com/es/blog/que-es-voip-la-guia-completa/}},
  note = {Guía completa sobre VoIP. Accedido: 26 de marzo de 2025}
}

@misc{hpe_sdwan,
  title = {¿{Qué} es {SD-WAN}?},
  author = {{Hewlett Packard Enterprise}},
  year = {2025},
  howpublished = {\url{https://www.hpe.com/es/es/what-is/sd-wan.html}},
  note = {Hewlett Packard Enterprise sobre SD-WAN. Accedido: 26 de marzo de 2025}
}

@misc{wikipedia_mp_bgp,
  title = {{Multiprotocol Border Gateway Protocol}},
  author = {{Wikipedia}},
  year = {2025},
  howpublished = {\url{https://en.wikipedia.org/wiki/Multiprotocol_BGP}},
  note = {Wikipedia sobre Multiprotocol BGP. Accedido: 26 de marzo de 2025}
}

@misc{linkedin_mp_bgp,
  title = {What are the security implications of using {Multiprotocol BGP}?},
  author = {{LinkedIn}},
  year = {2025},
  howpublished = {\url{https://www.linkedin.com/advice/1/what-security-implications-using-multiprotocol?lang=es&lang=es&originalSubdomain=es}},
  note = {LinkedIn sobre las implicaciones de seguridad del uso de Multiprotocol BGP. Accedido: 26 de marzo de 2025}
}

@misc{wikipedia_bgp,
  title = {{Border Gateway Protocol}},
  author = {{Wikipedia}},
  year = {2025},
  howpublished = {\url{https://es.wikipedia.org/wiki/Border_Gateway_Protocol}},
  note = {Wikipedia sobre Border Gateway Protocol. Accedido: 26 de marzo de 2025}  
}

@misc{expediente0062020,
  title = {Expediente 006-2020: Servicio de Telecomunicaciones de voz, fijas y móviles, red de acceso de datos, {Intranet} e {Internet} del {Consorcio de Aguas de la Zona Gaditana}},
  author = {{Gerencia del Consorcio de Aguas de la Zona Gaditana}},
  year = {2020},
  howpublished = {\url{https://contrataciondelestado.es/wps/poc?uri=deeplink:detalle_licitacion&idEvl=svIvypWr12kSugstABGr5A%3D%3D}},
  note = {Pliego de condiciones}
}

@misc{grandstream_grp2601_datasheet,
  title = {{Grandstream GRP2601}},
  author = {{Grandstream}},
  year = {2025},
  howpublished = {\url{https://www.grandstream.com/hubfs/Product_Documentation/Datasheet_GRP2601_Spanish.pdf}},
  note = {Grandstream GRP2601. Accedido: 30 de junio de 2025.}
}

@misc{mikrotik_rb2011uias_rm,
  title = {{RouterBOARD 2011UiAS-RM}},
  author = {{MikroTik}},
  year = {2025},
  howpublished = {\url{https://mikrotik.com/product/RB2011UiAS-RM}},
  note = {RouterBOARD 2011UiAS-RM. Accedido: 30 de junio de 2025.}
}

@misc{tp_link_t2500g_10ts,
  title = {Switch {TP-Link T2500G-10TS}},
  author = {{TP-Link}},
  year = {2025},
  howpublished = {\url{https://www.tp-link.com/ec/service-provider/managed-switch/t2500g-10ts/}},
  note = {TP-Link T2500G-10TS. Accedido: 30 de junio de 2025.}
}

@misc{conexion_redes_extendidas,
  title = {Conexión de Redes Extendidas},
  author = {{Ejarque Cristina}},
  year = {2025},
  howpublished = {\url{https://educacion.sanjuan.edu.ar/mesj/LinkClick.aspx?fileticket=wwvjgjQg4rI%3D&tabid=678&mid=1743}},
  note = {Ministerio de Educación de San Juan. Accedido: 30 de junio de 2025.}
}

@misc{carpio2023tfg,
  author       = {Carpio Ortiz, D.},
  title        = {Desarrollo y configuración de un entorno {MPLS} en equipos {Mikrotik} y simulado en {GNS3}},
  year         = {2023},
  howpublished = {Trabajo de Fin de Grado, {Universitat Politècnica de València}. Disponible en: \url{https://riunet.upv.es/handle/10251/203233}}
}

@misc{meraki_warm_spare,
  title = {{MX Warm Spare} - {High Availability Pair}},
  author = {{Cisco Meraki}},
  year = {2025},
  howpublished = {\url{https://documentation.meraki.com/MX/Deployment_Guides/MX_Warm_Spare_-_High_Availability_Pair#:~:text=than%2030%20seconds.-,Routed%20Warm%20Spare,used%20as%20a%20routed%20gateway.}},
  note = {Cisco Meraki sobre el modo de alta disponibilidad (Warm Spare). Accedido: 30 de junio de 2025.}
}

@misc{virtualbox,
  title = {{VirtualBox}: Software de virtualización multiplataforma},
  author = {{Oracle Corporation}},
  year = {2025},
  howpublished = {\url{https://www.virtualbox.org/}},
  note = {Página oficial de Oracle VM VirtualBox}
}

@misc{freepbx,
  title = {{FreePBX}: Software de centralita telefónica {IP}},
  author = {{FreePBX}},
  year = {2025},
  howpublished = {\url{https://www.freepbx.org/}},
  note = {Página oficial de FreePBX}
}

@reference{freepbx_what_is,
  title = {What is {FreePBX} and why use it for your phone service},
  author = {{Valentinas C.}},
  year = {2025},
  howpublished = {\url{https://www.hostinger.com/in/tutorials/what-is-freepbx}},
  note = {Tutorial sobre FreePBX. Accedido: 26 de marzo de 2025}
}

@misc{gns3_wiki,
  title = {{GNS3}: Software de simulación de redes},
  author = {{Wikipedia}},
  year = {2025},
  howpublished = {\url{https://es.wikipedia.org/wiki/GNS3}},
  note = {Wikipedia sobre GNS3}
}

@misc{youtube_carlos_carrillo,
  title = {Método para simular redes {VoIP} en {GNS3}},
  author = {{Carlos Ernesto Carrillo Arellano}},
  year = {2023},
  howpublished = {\url{https://www.youtube.com/watch?v=2k1J6u56fEQ&t=1937s}},
  note = {Tutorial en YouTube sobre la simulación de redes VoIP utilizando GNS3.}
}

@misc{docker_ubuntu,
  title = {Cómo instalar y usar {Docker} en {Ubuntu 20.04}},
  author = {{DigitalOcean}},
  year = {2020},
  howpublished = {\url{https://www.digitalocean.com/community/tutorials/how-to-install-and-use-docker-on-ubuntu-20-04}},
  note = {Tutorial sobre la instalación y uso de Docker en Ubuntu.}
}

@online{docker_compose_ubuntu,
  title = {Cómo instalar y usar {Docker Compose} en {Ubuntu 20.04}},
  author = {{DigitalOcean}},
  year = {2020},
  howpublished = {\url{https://www.digitalocean.com/community/tutorials/how-to-install-and-use-docker-compose-on-ubuntu-20-04}},
  note = {Tutorial sobre la instalación y uso de Docker Compose en Ubuntu.}
}

@misc{wikipedia_vrrp,
  title = {{Virtual Router Redundancy Protocol}},
  author = {{Wikipedia}},
  year = {2025},
  howpublished = {\url{https://es.wikipedia.org/wiki/Virtual_Router_Redundancy_Protocol}},
  note = {Wikipedia sobre Virtual Router Redundancy Protocol.}
}

@misc{wikipedia_rstp,
  title = {{Rapid Spanning Tree Protocol}},
  author = {{Wikipedia}},
  year = {2025},
  howpublished = {\url{https://es.wikipedia.org/wiki/Rapid_Spanning_Tree_Protocol}},
  note = {Wikipedia sobre Rapid Spanning Tree Protocol.}
}

@misc{wikipedia_mpls,
  title = {{Multiprotocol Label Switching}},
  author = {{Wikipedia}},
  year = {2025},
  howpublished = {\url{https://es.wikipedia.org/wiki/Multiprotocol_Label_Switching}},
  note = {Wikipedia sobre Multiprotocol Label Switching.}
}

@misc{mpls_elements,
  title = {Entendiendo las bases de {MPLS} casi desde cero},
  author = {{Angel H.}},
  year = {2018},
  howpublished = {\url{https://borrowbits.com/2018/09/entendiendo-las-bases-de-mpls-casi-desde-cero/}},
  note = {Redes MPLS: entendiendo sus bases (casi desde cero)}
}

@misc{wikipedia_vpn,
  title = {{Virtual Private Network}},
  author = {{Wikipedia}},
  year = {2025},
  howpublished = {\url{https://es.wikipedia.org/wiki/Red_privada_virtual}},
  note = {Red Privada Virtual.}
}

@misc{mikrotik_cloud_hosted_router,
  title = {Imagen del {MikroTik Cloud Hosted Router} en {GNS3}},
  author = {{Julien Duponchelle}},
  year = {2024},
  howpublished = {\url{https://gns3.com/marketplace/appliances/mikrotik-cloud-hosted-router}},
  note = {MikroTik Cloud Hosted Router.}
}

@misc{ccnadesdecero_gns3,
  author       = {{CCNA desde Cero}},
  title        = {¿Qué es {GNS3}? ¿Cómo Usarlo?},
  howpublished = {\url{https://ccnadesdecero.es/que-es-gns3-como-usarlo/}},
  note         = {Accedido: 24 de junio de 2025}
}

@misc{docker_ubuntu_tutorial,
  title = {Cómo instalar y usar {Docker} en {Ubuntu 20.04}},
  author = {{Hogan B.}},
  year = {2020},
  howpublished = {\url{https://www.digitalocean.com/community/tutorials/how-to-install-and-use-docker-on-ubuntu-20-04-es}},
  note = {Tutorial sobre la instalación y uso de Docker en Ubuntu.}
}

@misc{virtualbox_introduction,
  title = {Introducción a {VirtualBox}},
  author = {{Oracle Corporation}},
  year = {2025},
  howpublished = {\url{https://www.virtualbox.org/manual/topics/Introduction.html#Introduction}},
  note = {Introducción a VirtualBox.}
}

@misc{wikipedia_wireshark,
  title = {{Wireshark}},
  author = {{Wikipedia}},
  year = {2025},
  howpublished = {\url{https://es.wikipedia.org/wiki/Wireshark}},
  note = {Wireshark.}
}

@misc{microsip,
  title = {{MicroSIP}},
  author = {{MicroSIP}},
  year = {2025},
  howpublished = {\url{https://www.microsip.org/}},
  note = {MicroSIP softphone for Windows based on PJSIP.}
}

@misc{cisco_9300_24p_e_shop,
  title = {{Cisco 9300-24P-E}},
  author = {{Router-switch.com}},
  year = {2025},
  howpublished = {\url{https://www.router-switch.com/c9300-24p-e.html#tab-download}},
  note = {Cisco 9300-24P-E. Accedido: 26 de junio de 2025}
}

@misc{cisco_9300_24p_e_datasheet,
  title = {{Cisco 9300-24P-E}},
  author = {{Cisco}},
  year = {2025},
  howpublished = {\url{https://www.cisco.com/c/en/us/products/collateral/switches/catalyst-9300-series-switches/nb-06-cat9300-ser-data-sheet-cte-en.html#Platformdetails}},
  note = {Cisco 9300-24P-E. Accedido: 26 de junio de 2025}
}

@misc{cisco_3560_cx_12pd_s_shop,
  title = {{Cisco 3560-CX-12PD-S}},
  author = {{Router-switch.com}},
  year = {2025},
  howpublished = {\url{https://www.router-switch.com/ws-c3560cx-12pd-s-p-16549.html}},
  note = {Cisco 3560-CX-12PD-S. Accedido: 26 de junio de 2025}
}

@misc{cisco_3560_cx_12pd_s_datasheet,
  title = {{Cisco 3560-CX-12PD-S}},
  author = {{Cisco}},
  year = {2025},
  howpublished = {\url{https://www.cisco.com/c/en/us/products/collateral/switches/catalyst-3560-cx-series-switches/datasheet-c78-733229.html}},
  note = {Cisco 3560-CX-12PD-S. Accedido: 26 de junio de 2025}
}

@misc{cisco_2960l_16ts_ll_datasheet,
  title = {{Cisco WS-C2960L-16TS-LL}},
  author = {{Cisco}},
  year = {2025},
  howpublished = {\url{https://www.cisco.com/c/en/us/products/collateral/switches/catalyst-2960-l-series-switches/nb-06-cat2960-l-ser-data-sheet-cte-en.html}},
  note = {Cisco WS-C2960L-16TS-LL. Accedido: 26 de junio de 2025}
}

@misc{grandstream_grp2612_datasheet,
  title = {{Grandstream GRP2612}},
  author = {{Grandstream}},
  year = {2025},
  howpublished = {\url{https://www.grandstream.com/hubfs/Product_Documentation/datasheet_grp2612_english.pdf}},
  note = {Grandstream GRP2612. Accedido: 30 de junio de 2025.}
}

@misc{ngfw_fortinet,
  title = {{Fortinet Next-Generation Firewall}},
  author = {{Fortinet}},
  year = {2025},
  howpublished = {\url{https://www.fortinet.com/lat/products/next-generation-firewall}},
  note = {Fortinet NGFW. Accedido: 2 de julio de 2025}
}

@misc{microsoft_sentinel_overview,
  title = {¿{Qué} es {Microsoft Sentinel}?},
  author = {{Microsoft}},
  year = {2024},
  howpublished = {\url{https://learn.microsoft.com/es-es/azure/sentinel/overview?tabs=defender-portal}},
  note = {Microsoft Sentinel. Accedido: 26 de junio de 2025}
}

@misc{azure,
  title = {{Microsoft Azure}},
  author = {{Microsoft}},
  year = {2025},
  howpublished = {\url{https://azure.microsoft.com/es-es}},
  note = {Microsoft Azure. Accedido: 2 de julio de 2025}
}

@misc{freshworks_ivr,
  title = {¿{Qué} es {IVR}?},
  author = {{Freshworks}},
  year = {2025},
  howpublished = {\url{https://www.freshworks.com/es/freshcaller-cloud-pbx/ivr/#:~:text=%C2%BFQu%C3%A9%20es%20IVR?,fin%20de%20resolver%20sus%20consultas.}},
  note = {Freshworks sobre IVR. Accedido: 2 de julio de 2025}
}

@misc{debian_bookworm,
  title = {{Información} sobre {Debian “bookworm”}},
  author = {{Debian}},
  year = {2025},
  howpublished = {\url{https://www.debian.org/releases/stable/}},
  note = {Debian. Accedido: 2 de julio de 2025}
}

@misc{wikipedia_nd,
  title = {{Neighbor Discovery}},
  author = {{Wikipedia}},
  year = {2025},
  howpublished = {\url{https://es.wikipedia.org/wiki/Neighbor_Discovery}},
  note = {Wikipedia sobre Neighbor Discovery. Accedido: 2 de julio de 2025}
}

@misc{wikipedia_sdwan,
  title = {{SD-WAN}},
  author = {{Wikipedia}},
  year = {2025},
  howpublished = {\url{https://es.wikipedia.org/wiki/SD-WAN}},
  note = {Wikipedia sobre SD-WAN. Accedido: 2 de julio de 2025}
}

%%%%%%%%%%%%%%%%%%%%%%%%%%%%%%%%%%%%%%%%%%%%%%%%%%%%%%%%%%%%%%%%%%

@misc{orange_pymes,
  title = {{Orange} para {PYMES}},
  author = {{Orange}},
  year = {2025},
  howpublished = {\url{https://www.orange.es/empresas/pymes}},
}

@misc{telefonica_empresas,
  title = {Conectividad Inteligente para Empresas},
  author = {{Telefónica}},
  year = {2025},
  howpublished = {\url{https://www.telefonicaempresas.es/soluciones-digitales/conectividad-inteligente}},
}

@misc{vodafone_empresas,
  title = {Optimiza tu red {WAN}},
  author = {{Vodafone}},
  year = {2025},
  howpublished = {\url{https://www.vodafone.es/c/empresas/es/sd-wan/}},
}

@misc{merakishop_mx95_firewall,
  title = {{Cisco Meraki MX95}},
  author = {{Meraki Shop}},
  year = {2025},
  howpublished = {\url{https://www.merakishop.es/cisco-meraki-mx95-firewall.html}},
}

@misc{merakishop_mx85_firewall,
  title = {{Cisco Meraki MX85}},
  author = {{Meraki Shop}},
  year = {2025},
  howpublished = {\url{https://www.merakishop.es/cisco-meraki-mx85-firewall.html}},
}

@misc{merakishop_mx67_firewall,
  title = {{Cisco Meraki MX67}},
  author = {{Meraki Shop}},
  year = {2025},
  howpublished = {\url{https://www.merakishop.es/cisco-meraki-mx67-firewall.html}},
}
